@inproceedings{abercrombie2019policy,
  title={Policy preference detection in parliamentary debate motions},
  author={Abercrombie, Gavin and Nanni, Federico and Batista-Navarro, Riza Theresa and Ponzetto, Simone Paolo},
  booktitle={Proceedings of the 23rd Conference on Computational Natural Language Learning (CoNLL)},
  pages={249--259},
  year={2019}
}

@incollection{petry2009measuring,
  title={Measuring how political parties keep their promises: A positive perspective from political science},
  author={P{\'e}try, Fran{\c{c}}ois and Collette, Beno{\^\i}t},
  booktitle={Do They Walk Like They Talk?},
  pages={65--80},
  year={2009},
  publisher={Springer}
}

@inproceedings{abercrombie2018sentiment,
  title={A Sentiment-labelled Corpus of Hansard Parliamentary Debate Speeches},
  author={Abercrombie, Gavin and Batista-Navarro, Riza},
  booktitle={Proceedings of the Eleventh International Conference on Language Resources and Evaluation (LREC 2018). Ed. by Darja Fi{\v{s}}er, Maria Eskevich, and Franciska de Jong. Miyazaki, Japan: European Language Resources Association (ELRA)},
  year={2018}
}

@article{berry1990state,
  title={State lottery adoptions as policy innovations: An event history analysis},
  author={Berry, Frances Stokes and Berry, William D},
  journal={The American Political Science Review},
  pages={395--415},
  year={1990},
  publisher={JSTOR}
}

@article{gilardi2009learning,
  title={Learning from others: The diffusion of hospital financing reforms in OECD countries},
  author={Gilardi, Fabrizio and F{\"u}glister, Katharina and Luyet, St{\'e}phane},
  journal={Comparative Political Studies},
  volume={42},
  number={4},
  pages={549--573},
  year={2009},
  publisher={Sage Publications Sage CA: Los Angeles, CA}
}

@article{krause2011policy,
  title={Policy innovation, intergovernmental relations, and the adoption of climate protection initiatives by US cities},
  author={Krause, Rachel M},
  journal={Journal of urban affairs},
  volume={33},
  number={1},
  pages={45--60},
  year={2011},
  publisher={Taylor \& Francis}
}

@article{simmons2004globalization,
  title={The globalization of liberalization: Policy diffusion in the international political economy},
  author={Simmons, Beth A and Elkins, Zachary},
  journal={American political science review},
  pages={171--189},
  year={2004},
  publisher={JSTOR}
}

@article{walker1969diffusion,
  title={The diffusion of innovations among the American states},
  author={Walker, Jack L},
  journal={American political science review},
  volume={63},
  number={3},
  pages={880--899},
  year={1969},
  publisher={Cambridge University Press}
}

@article{lowe2013validating,
  title={Validating estimates of latent traits from textual data using human judgment as a benchmark},
  author={Lowe, Will and Benoit, Kenneth},
  journal={Political analysis},
  volume={21},
  number={3},
  pages={298--313},
  year={2013},
  publisher={Cambridge University Press}
}

@article{eder2017manifesto,
  title={Manifesto functions: How party candidates view and use their party's central policy document},
  author={Eder, Nikolaus and Jenny, Marcelo and M{\"u}ller, Wolfgang C},
  journal={Electoral Studies},
  volume={45},
  pages={75--87},
  year={2017},
  publisher={Elsevier}
}

@article{ringquist2004lies,
  title={Lies, damned lies, and campaign promises? Environmental legislation in the 105th Congress},
  author={Ringquist, Evan J and Dasse, Carl},
  journal={Social Science Quarterly},
  volume={85},
  number={2},
  pages={400--419},
  year={2004},
  publisher={Wiley Online Library}
}

@book{budge2001mapping,
  title={Mapping policy preferences: estimates for parties, electors, and governments, 1945-1998},
  author={Budge, Ian and Klingemann, Hans-Dieter and Volkens, Andrea and Bara, Judith and Tanenbaum, Eric and others},
  volume={1},
  year={2001},
  publisher={Oxford University Press on Demand}
}

@book{volkens2013mapping,
  title={Mapping policy preferences from texts: statistical solutions for manifesto analysts},
  author={Volkens, Andrea and Bara, Judith and Budge, Ian and McDonald, Michael D and Klingemann, Hans-Dieter},
  volume={3},
  year={2013},
  publisher={OUP Oxford}
}

@book{debus2009estimating,
  title={Estimating the Policy Preferences of Political Actors in Germany and Europe: Methodological Advances and Empirical Applications},
  author={Debus, Marc},
  year={2009}
}

@article{zirn2016classifying,
  title={Classifying topics and detecting topic shifts in political manifestos},
  author={Zirn, C{\"a}cilia and Glava{\v{s}}, Goran and Nanni, Federico and Eichorts, Jason and Stuckenschmidt, Heiner},
  year={2016},
  publisher={University of Zagreb}
}

@article{nanni2016topfish,
  title={TopFish: topic-based analysis of political position in US electoral campaigns},
  author={Nanni, Federico and Zirn, C{\"a}cilia and Glava{\v{s}}, Goran and Eichorst, Jason and Ponzetto, Simone Paolo},
  year={2016},
  publisher={University of Zagreb}
}

@article{bakker2015measuring,
  title={Measuring party positions in Europe: The Chapel Hill expert survey trend file, 1999--2010},
  author={Bakker, Ryan and De Vries, Catherine and Edwards, Erica and Hooghe, Liesbet and Jolly, Seth and Marks, Gary and Polk, Jonathan and Rovny, Jan and Steenbergen, Marco and Vachudova, Milada Anna},
  journal={Party Politics},
  volume={21},
  number={1},
  pages={143--152},
  year={2015},
  publisher={SAGE Publications Sage UK: London, England}
}

@article{bakker2014anchoring,
  title={Anchoring the experts: Using vignettes to compare party ideology across countries},
  author={Bakker, Ryan and Edwards, Erica and Jolly, Seth and Polk, Jonathan and Rovny, Jan and Steenbergen, Marco},
  journal={Research \& Politics},
  volume={1},
  number={3},
  pages={2053168014553502},
  year={2014},
  publisher={SAGE Publications Sage UK: London, England}
}

@article{polk2017explaining,
  title={Explaining the salience of anti-elitism and reducing political corruption for political parties in Europe with the 2014 Chapel Hill Expert Survey data},
  author={Polk, Jonathan and Rovny, Jan and Bakker, Ryan and Edwards, Erica and Hooghe, Liesbet and Jolly, Seth and Koedam, Jelle and Kostelka, Filip and Marks, Gary and Schumacher, Gijs and others},
  journal={Research \& Politics},
  volume={4},
  number={1},
  pages={2053168016686915},
  year={2017},
  publisher={SAGE Publications Sage UK: London, England}
}

@article{devlin2018bert,
  title={Bert: Pre-training of deep bidirectional transformers for language understanding},
  author={Devlin, Jacob and Chang, Ming-Wei and Lee, Kenton and Toutanova, Kristina},
  journal={arXiv preprint arXiv:1810.04805},
  year={2018}
}

@article{volkens2019manifesto,
  title={The manifesto data collection. Manifesto project (MRG/CMP/MARPOR)},
  author={Volkens, Andrea and Lacewell, Onawa and Lehmann, Pola and Regel, Sven and Schultze, Henrike and Werner, Annika},
  journal={Berlin: Wissenschaftszentrum Berlin f{\"u}r Sozialforschung (WZB)},
  year={2019}
}

@article{lehmann2018positions,
  title={Positions and saliency of immigration in party manifestos: A novel dataset using crowd coding},
  author={Lehmann, Pola and Zobel, Malisa},
  journal={European Journal of Political Research},
  volume={57},
  number={4},
  pages={1056--1083},
  year={2018},
  publisher={Wiley Online Library}
}

@article{tong2001support,
  title={Support vector machine active learning with applications to text classification},
  author={Tong, Simon and Koller, Daphne},
  journal={Journal of machine learning research},
  volume={2},
  number={Nov},
  pages={45--66},
  year={2001}
}

@misc{devlin2018bert,
    title={BERT: Pre-training of Deep Bidirectional Transformers for Language Understanding},
    author={Jacob Devlin and Ming-Wei Chang and Kenton Lee and Kristina Toutanova},
    year={2018},
    eprint={1810.04805},
    archivePrefix={arXiv},
    primaryClass={cs.CL}
}

@article{DBLP:journals/corr/Kim14f,
  author    = {Yoon Kim},
  title     = {Convolutional Neural Networks for Sentence Classification},
  journal   = {CoRR},
  volume    = {abs/1408.5882},
  year      = {2014},
  url       = {http://arxiv.org/abs/1408.5882},
  archivePrefix = {arXiv},
  eprint    = {1408.5882},
  timestamp = {Mon, 13 Aug 2018 16:46:21 +0200},
  biburl    = {https://dblp.org/rec/journals/corr/Kim14f.bib},
  bibsource = {dblp computer science bibliography, https://dblp.org}
}

@article{lecun1998gradient,
  title={Gradient-based learning applied to document recognition},
  author={LeCun, Yann and Bottou, L{\'e}on and Bengio, Yoshua and Haffner, Patrick},
  journal={Proceedings of the IEEE},
  volume={86},
  number={11},
  pages={2278--2324},
  year={1998},
  publisher={Ieee}
}

 @inproceedings{Pennington_Socher_Manning_2014, title={GloVe: Global Vectors for Word Representation}, url={http://www.aclweb.org/anthology/D14-1162}, booktitle={Empirical Methods in Natural Language Processing (EMNLP)}, author={Pennington, Jeffrey and Socher, Richard and Manning, Christopher D.}, year={2014}, pages={1532â€“1543} }

@article{cho2014learning,
  title={Learning phrase representations using RNN encoder-decoder for statistical machine translation},
  author={Cho, Kyunghyun and Van Merri{\"e}nboer, Bart and Gulcehre, Caglar and Bahdanau, Dzmitry and Bougares, Fethi and Schwenk, Holger and Bengio, Yoshua},
  journal={arXiv preprint arXiv:1406.1078},
  year={2014}
}

@article{chung2014empirical,
  title={Empirical evaluation of gated recurrent neural networks on sequence modeling},
  author={Chung, Junyoung and Gulcehre, Caglar and Cho, KyungHyun and Bengio, Yoshua},
  journal={arXiv preprint arXiv:1412.3555},
  year={2014}
}

@article{laver2003extracting,
  title={Extracting policy positions from political texts using words as data},
  author={Laver, Michael and Benoit, Kenneth and Garry, John},
  journal={American political science review},
  volume={97},
  number={2},
  pages={311--331},
  year={2003},
  publisher={Cambridge University Press}
}

@article{bilbao2018automatic,
  title={Automatic political discourse analysis with multi-scale convolutional neural networks and contextual data},
  author={Bilbao-Jayo, Aritz and Almeida, Aitor},
  journal={International Journal of Distributed Sensor Networks},
  volume={14},
  number={11},
  pages={1550147718811827},
  year={2018},
  publisher={SAGE Publications Sage UK: London, England}
}

@article{nanni2019political,
  title={Political text scaling meets computational semantics},
  author={Nanni, Federico and Glavas, Goran and Ponzetto, Simone Paolo and Stuckenschmidt, Heiner},
  journal={arXiv preprint arXiv:1904.06217},
  year={2019}
}

@article{proksch2010position,
  title={Position taking in European Parliament speeches},
  author={Proksch, Sven-Oliver and Slapin, Jonathan B},
  journal={British Journal of Political Science},
  volume={40},
  number={3},
  pages={587--611},
  year={2010},
  publisher={Cambridge University Press}
}

@inproceedings{abercrombie2018identifying,
  title={Identifying opinion-topics and polarity of parliamentary debate motions},
  author={Abercrombie, Gavin and Batista-Navarro, Riza Theresa},
  booktitle={Proceedings of the 9th workshop on computational approaches to subjectivity, sentiment and social media analysis},
  pages={280--285},
  year={2018}
}

@article{herzog2018transfer,
  title={Transfer Topic Labeling with Domain-Specific Knowledge Base: An Analysis of UK House of Commons Speeches 1935-2014},
  author={Herzog, Alexander and John, Peter and Mikhaylov, Slava Jankin},
  journal={arXiv preprint arXiv:1806.00793},
  year={2018}
}


@inproceedings{glavavs2017cross,
  title={Cross-lingual classification of topics in political texts},
  author={Glava{\v{s}}, Goran and Nanni, Federico and Ponzetto, Simone Paolo},
  year={2017},
  organization={Association for Computational Linguistics (ACL)}
}

@inproceedings{glavavs2017unsupervised,
  title={Unsupervised cross-lingual scaling of political texts},
  author={Glava{\v{s}}, Goran and Nanni, Federico and Ponzetto, Simone Paolo},
  booktitle={Proceedings of the 15th Conference of the European Chapter of the Association for Computational Linguistics: Volume 2, Short Papers},
  pages={688--693},
  year={2017}
}

@article{subramanian2018hierarchical,
  title={Hierarchical structured model for fine-to-coarse manifesto text analysis},
  author={Subramanian, Shivashankar and Cohn, Trevor and Baldwin, Timothy},
  journal={arXiv preprint arXiv:1805.02823},
  year={2018}
}

@article{mikolov2017advances,
  title={Advances in pre-training distributed word representations},
  author={Mikolov, Tomas and Grave, Edouard and Bojanowski, Piotr and Puhrsch, Christian and Joulin, Armand},
  journal={arXiv preprint arXiv:1712.09405},
  year={2017}
}

@misc{Volkens:2019,
Address = {Berlin},
Author = {Volkens, Andrea AND Krause, Werner AND Lehmann, Pola AND MatthieÃƒÅ¸, Theres AND Merz, Nicolas AND Regel, Sven AND WeÃƒÅ¸els, Bernhard},
Publisher = {Wissenschaftszentrum Berlin fÃƒÂ¼r Sozialforschung},
Title = {The Manifesto Data Collection. Manifesto Project (MRG/CMP/MARPOR). Version 2019b},
doi = {10.25522/manifesto.mpds.2019b},
url = {https://doi.org/10.25522/manifesto.mpds.2019b},
Year = {2019}
}

@inproceedings{mikhaylov2008coder,
  title={Coder reliability and misclassification in comparative manifesto project codings},
  author={Mikhaylov, Slava and Laver, Michael and Benoit, Kenneth},
  booktitle={66th MPSA annual national conference},
  volume={3},
  number={6},
  pages={3},
  year={2008}
}

@article{lowe2011scaling,
  title={Scaling policy preferences from coded political texts},
  author={Lowe, Will and Benoit, Kenneth and Mikhaylov, Slava and Laver, Michael},
  journal={Legislative studies quarterly},
  volume={36},
  number={1},
  pages={123--155},
  year={2011},
  publisher={Wiley Online Library}
}

@book{manning2008introduction,
  title={Introduction to information retrieval},
  author={Manning, Christopher D and Raghavan, Prabhakar and Sch{\"u}tze, Hinrich},
  year={2008},
  publisher={Cambridge university press}
}

@article{xu2018random,
  title={From random to supervised: A novel dropout mechanism integrated with global information},
  author={Xu, Hengru and Li, Shen and Hu, Renfen and Li, Si and Gao, Sheng},
  journal={arXiv preprint arXiv:1808.08149},
  year={2018}
}

@inproceedings{kanai2017preventing,
  title={Preventing gradient explosions in gated recurrent units},
  author={Kanai, Sekitoshi and Fujiwara, Yasuhiro and Iwamura, Sotetsu},
  booktitle={Advances in neural information processing systems},
  pages={435--444},
  year={2017}
}